4566 5760
172 632 382 703 1101111110
404 632 469 702 iarn
490 633 559 698 tam
581 631 614 700 in
630 629 736 700 Gallia
748 629 892 714 crispum
912 629 1321 711 audiendumsnsocpissei
1349 627 1489 694 Pinnata
1512 628 1594 694 111111
1615 627 1853 711 impeditum
1869 627 1906 692 et
1928 628 1996 711 ipsa

172 737 396 810 extremailla
418 739 558 806 matur
581 739 696 821 optime
718 753 789 806 cum
811 736 955 804 1111111111
977 738 1090 814 aetatu
1114 734 1215 819 qualis
1238 735 1300 800 luit
1321 736 1397 800 tnnc
1418 735 1755 818 temporis-congruere
1777 733 1933 800 ridebitur
1952 735 1994 812 e'i,

178 843 236 930 qui
257 843 437 928 perlegerit,
469 859 548 926 quas
577 843 706 926 scriptor
737 845 774 910 de
802 842 921 927 opificio
950 843 999 910 dei
1030 842 1177 917 disserens
1207 841 1239 906 in
1269 841 1329 908 line
1359 841 1398 906 de
1429 859 1462 907 se
1482 842 1560 924 ipso:
1577 841 1674 909 addit.
1719 841 1890 926 Postquam
1914 843 1998 908 enim

178 950 393 1024 institutiones
421 950 554 1016 00111110
583 965 614 1018 ss
638 949 717 1018 10110
736 949 817 1016 dixit
846 951 892 1016 lta
917 949 1038 1034 pergit:
1071 947 1226 1018 Fortasse
1251 947 1396 1034 mireris,
1427 948 1511 1030 quod
1534 953 1662 1015 tautum
1677 950 1822 1033 ‘famaus
1849 949 1996 1014 audeam.

178 1059 386 1134 Potieummte
406 1057 507 1140 teliu
528 1057 687 1140 eestmqui
710 1063 767 1124 orit
788 1058 927 1138 opprimi
949 1055 1135 1122 euticion?
1167 1054 1239 1136 qu
1259 1076 1333 1122 uero
1355 1055 1514 1122 literatius·
1529 1055 1577 1122 eu
1603 1055 1660 1120 sub
1683 1055 1741 1122 troc
1766 1077 1861 1122 onere
1883 1055 2000 1139 Meua·

170 1166 251 1230 rim.
280 1163 329 1230 oet
331 1209 472 1228 .....
518 1163 676 1246 Moquum
705 1163 815 1230 eiciar
836 1163 997 1244 polliceri,
1028 1161 1083 1227 sed
1113 1159 1237 1226 meum
1266 1181 1346 1242 opas
1375 1167 1420 1228 est
1449 1183 1577 1228 orauere
1605 1168 1643 1228 ut
1669 1163 1762 1228 1101111
1788 1162 1930 1246 facimus
1959 1181 1999 1227 uc

173 1277 333 1352 tempus
355 1270 400 1336 ad
415 1271 588 1351 proposita
604 1271 825 1352 persequendo
841 1271 1012 1336 emorimur.
1060 1266 1180 1349 Quodsi
1203 1267 1290 1332 vita
1311 1273 1358 1332 cst
1379 1269 1522 1348 minoda
1539 1267 1689 1350 sapienti,
1707 1272 1851 1352 prosecta
1873 1267 2012 1346 meliora

179 1378 281 1446 mam
302 1377 339 1444 01
362 1395 493 1442 causum
515 1377 628 1442 meere
640 1377 821 1457 optaverim,
846 1397 942 1457 quam
963 1381 998 1440 ut
1021 1375 1147 1456 aliquid
1167 1374 1313 1456 efficiam,
1337 1374 1421 1454 qnod
1434 1374 1503 1440 oito
1522 1374 1654 1456 1119011111
1676 1375 1728 1452 sit,
1751 1379 1781 1466 et
1803 1373 1887 1456 quod
1908 1372 1999 1438 utiti-

172 1489 275 1550 uum
297 1481 476 1565 kqmtidais,
504 1482 563 1548 etsi
584 1500 650 1552 noo
672 1483 716 1550 aa
737 1481 952 1564 eloquentiam,
981 1482 1060 1565 quia
1081 1481 1185 1546 arou
1206 1481 1244 1546 io
1263 1481 1358 1548 uadis
1376 1481 1549 1552 tammdiac
1571 1482 1662 1546 riom
1682 1485 1737 1559 ed,
1766 1480 1810 1546 ad
1831 1479 2000 1546 0100111001

175 1595 286 1659 eorico
300 1591 424 1672 offeret,
447 1589 531 1669 quod
553 1594 598 1654 est
617 1589 754 1656 mmirae
776 1587 998 1656 wamiam.
1047 1588 1128 1670 Quo
1144 1590 1332 1671 perfecto
1355 1588 1465 1654 satis
1485 1609 1541 1653 me
1561 1587 1724 1654 ciuisse
1748 1586 1999 1654 arbitraret

181 1694 374 1780 officium
399 1695 580 1764 hominis
606 1695 811 1777 implesse,
840 1695 878 1760 si
900 1694 1020 1762 tollor
1041 1712 1149 1760 rocus
1176 1693 1342 1775 aliquos
1363 1694 1545 1760 1101011100
1572 1694 1620 1760 at
1646 1693 1866 1761 erroribus
1892 1692 2000 1760 tibe-

175 1806 298 1868 -rotos
326 1802 378 1868 aot
407 1801 491 1866 iter
520 1802 696 1868 caeleste
725 1801 944 1870 direxerit.
991 1800 1182 1882 Quibuscum
1209 1799 1311 1866 verbis
1341 1800 1589 1880 0011011011001,
1619 1819 1698 1885 quae
1727 1801 1761 1866 in
1791 1799 1889 1884 primo
1918 1799 1999 1868 111110

177 1907 415 1973 institutionum
437 1907 477 1991 (0.
501 1909 531 1972 1.
550 1927 580 1990 p.
602 1907 648 1992 2.)
670 1908 762 1974 dicit:
795 1909 898 1976 Nam
919 1909 957 1974 si
980 1907 1144 1990 quidam
1166 1907 1335 1973 maaimi
1359 1914 1565 1987 oratores,
1582 1909 1878 1993 professionis
1900 1927 2001 1974 suae

174 2017 303 2097 quasi
325 2016 529 2094 ueterani,
558 2015 748 2080 decursis
770 2014 966 2098 operibus
989 2013 1196 2082 actionum
1218 2033 1384 2082 suarum
1402 2019 1613 2096 postremo
1634 2034 1675 2082 sc
1696 2014 2000 2097 philosophiae

177 2118 468 2200 tradiderunt,
500 2141 661 2203 eantque
691 2121 774 2186 siti
803 2121 983 2203 requiem
1011 2118 1200 2186 laborum
1226 2121 1507 2188 iustissimam
1528 2127 1794 2204 putauerunt
1822 2171 1998 2188 ......

177 2203 512 2305 quautoiostius
534 2247 601 2310 eqo
622 2247 679 2294 me
701 2228 752 2294 od
773 2215 893 2294 iliam
908 2229 1103 2309 primam,
1131 2247 1267 2294 ceram
1288 2228 1555 2310 divinamque
1577 2229 1849 2311 sapientiam,
1879 2229 2001 2313 quusi

152 2331 233 2406 „ad
260 2329 426 2414 portum
460 2333 637 2415 aliquem
669 2334 926 2400 tutis-simum
958 2337 1183 2418 conseram,
1219 2335 1263 2400 iu
1295 2353 1371 2416 qua
1403 2335 1540 2402 omnia
1571 2335 1687 2402 dictu
1713 2356 1853 2418 prona
1886 2341 1998 2415 suut,

182 2437 334 2501 auditu
361 2440 530 2520 suooia,
559 2441 716 2524 facilia
742 2440 977 2518 intellectu,
1008 2439 1179 2506 homesta
1206 2443 1425 2522 susceptu?
1458 2441 1539 2508 Sunt
1561 2444 1666 2508 autern
1689 2445 1844 2526 praeterea
1867 2442 2000 2526 vestigia

181 2543 345 2622 nonnulla,
375 2563 453 2627 quae
475 2545 514 2610 ad
537 2547 663 2612 eandem
686 2548 766 2613 hanc
788 2547 973 2612 sententiam
995 2546 1138 2612 videntur
1160 2547 1332 2631 perducere.
1379 2545 1555 2630 Stephanus
1578 2550 1661 2616 enim
1682 2549 1831 2614 Beluaius
1858 2549 1892 2614 in
1914 2549 1997 2614 notis

172 2648 220 2712 ad
248 2647 363 2714 librum
391 2650 428 2715 de
455 2669 497 2716 m.
520 2670 550 2735 p.
574 2671 604 2734 p.
629 2655 704 2718 349.
729 2653 918 2719 haecdicit:
948 2653 1078 2720 11110011
1104 2657 1155 2720 oir
1183 2655 1213 2720 ct.
1238 2655 1354 2720 Parus
1376 2655 1575 2722 Froncisoos
1600 2656 1780 2741 Otiffietius
1806 2657 1955 2740 Griopurn
1978 2679 2000 2724 a

180 2756 351 2822 Lactantio
380 2757 562 2822 iustitutum
582 2759 683 2842 fuisse
713 2779 799 2825 auno
826 2759 948 2827 Christi
974 2759 1147 2838 CCCXII,
1177 2760 1281 2826 eodem
1306 2761 1462 2827 mimirum
1489 2767 1632 2843 tempore,
1663 2785 1725 2846 quo
1747 2765 1892 2845 primum
1918 2763 2001 2831 Cou-

171 2861 352 2937 secamus,
382 2869 417 2926 ut
439 2863 493 2926 ilie
515 2863 571 2942 ait,
598 2886 672 2930 moa
693 2871 795 2930 mater
816 2869 893 2932 eius·
907 2865 1029 2932 Heleua
1054 2865 1217 2933 Christum
1240 2851 1400 2950 muscae,
1428 2867 1504 2952 fidei
1525 2875 1655 2936 nostrae
1676 2876 1877 2936 sacramenta
1900 2869 2001 2938 edocti

181 2965 221 3030 ab
249 2965 398 3044 Eusebio,
428 2967 589 3046 Episcopo
619 2969 813 3034 Vesootieosi
843 2976 870 3034 et
902 2969 1053 3050 (trispum
1084 2991 1154 3038 acm
1182 2972 1305 3039 Hetcua
1334 2979 1364 3040 et
1392 2976 1562 3042 Lactantio
1592 2976 1736 3041 relictum
1765 2976 1949 3044 Veientique
1978 2999 2001 3044 a

184 3071 393 3138 Constantino
418 3092 514 3153 quum
544 3071 574 3136 is
603 3072 641 3136 io
670 3071 806 3138 Italiam
828 3079 993 3158 protectus
1021 3082 1067 3142 est
1097 3079 1249 3146 (1110001111
1278 3083 1490 3148 Maeeutimu.
1544 3082 1658 3149 Verum
1679 3085 1839 3162 namatio,
1870 3106 1908 3150 ex
1936 3105 2001 3168 qua

185 3173 365 3259 Oiiffletius
386 3179 470 3244 tanc
491 3179 660 3246 historiam
682 3183 848 3261 conteruit,
870 3186 1063 3266 posterioris
1086 3207 1124 3252 oc
1146 3189 1303 3271 sequioris
1325 3187 1445 3255 soeculi
1466 3189 1623 3272 scriptum
1645 3195 1740 3256 estet
1761 3189 1885 3257 uultum
1904 3191 2000 3276 11011111

180 3287 326 3347 marmur.
373 3283 450 3348 Rern
476 3283 570 3350 altius
593 3287 728 3368 repetere
749 3307 809 3354 non
830 3291 927 3372 potui,
952 3291 1027 3374 quia
1042 3291 1182 3360 Chiti'leti
1203 3293 1297 3359 illum
1318 3293 1421 3360 locum
1443 3313 1504 3360 non
1527 3294 1689 3380 indagavi3
1713 3297 1881 3380 vestigium
1895 3298 2000 3362 tamon

179 3386 261 3451 inest
283 3387 358 3466 eius,
381 3407 476 3472 quam
498 3391 588 3457 modo
610 3392 737 3474 protuli,
761 3397 939 3462 sententiae.
985 3397 1089 3464 Etiam
1111 3400 1195 3482 prior
1216 3399 1283 3478 illa,
1307 3401 1343 3466 de
1359 3421 1421 3486 qua
1441 3401 1682 3484 supradiximus
1702 3401 1742 3466 ad
1758 3400 1997 3468 Constantinum

173 3491 336 3558 adlocutio
364 3495 486 3562 credere
512 3515 567 3563 nos
590 3498 658 3564 1011
679 3499 878 3567 Lactantium
901 3504 964 3570 iam
987 3507 1058 3572 ante
1081 3525 1196 3572 aunum
1221 3506 1352 3574 cccxl
1381 3527 1441 3574 non
1463 3509 1565 3574 solum
1587 3509 1620 3574 in
1642 3509 1798 3574 occidente
1818 3508 1923 3588 fuisse,
1946 3510 1999 3576 sed

172 3596 320 3682 aliquam
340 3603 434 3668 etiam
453 3621 524 3668 curn
541 3603 742 3672 Constantino
764 3610 1016 3677 consuetudinem
1036 3611 1149 3678 iniisse.
1195 3612 1317 3696 Scripta
1339 3615 1445 3680 autem
1468 3617 1515 3680 est
1536 3633 1572 3679 ea
1595 3616 1667 3680 ante
1689 3633 1806 3681 nonum
1828 3615 1997 3682 saeculum

171 3702 249 3770 seio
272 3708 376 3773 tamen
400 3709 475 3775 haec
498 3712 630 3796 vestigia
652 3713 776 3778 tantum
801 3733 873 3780 esse.

286 3812 355 3876 Iam
378 3815 585 3881 conclusiones
608 3817 758 3882 faciamus
781 3838 816 3883 er
839 3821 898 3897 hta,
929 3841 1008 3904 quae
1030 3825 1197 3905 posuimus,
1228 3826 1413 3908 praemissis.
1460 3827 1565 3912 Atque
1588 3849 1624 3895 er
1645 3829 1694 3908 iis,
1725 3847 1806 3913 quae
1827 3849 1883 3915 pro
1906 3833 1998 3899 certis

179 3916 338 3998 posuimus
359 3919 394 3984 in
417 3921 548 4003 utroque
569 3923 808 4004 praemissorum
830 3925 936 3990 ordine
958 3929 1099 4011 sequitur
1120 3930 1320 3998 Lactantium
1343 3935 1400 3998 aut

246 4031 279 4116 a)
339 4035 419 4113 tum,
451 4053 522 4100 cum
545 4035 624 4102 liber
645 4037 682 4102 de
705 4057 746 4104 m.
769 4059 799 4122 p.
824 4041 956 4124 scriptus
983 4045 1030 4110 est
1059 4044 1103 4129 (h.
1128 4065 1153 4110 0.
1178 4065 1257 4112 anno
1280 4049 1361 4128 3141
1368 4046 1423 4131 15)
1450 4047 1647 4114 Nicomediae
1670 4051 1784 4118 iterum
1808 4051 1911 4126 luisse,
1942 4055 1999 4120 aut

248 4147 283 4230 b)
328 4139 501 4214 'auctorem
522 4150 623 4217 libelli
646 4153 733 4218 illius
755 4173 815 4220 non
839 4175 913 4222 esse.

287 4261 402 4343 Quodsi
424 4265 509 4346 prius
531 4285 585 4348 pro
607 4285 679 4334 vero
702 4271 883 4353 accipimus,
913 4272 1030 4357 duplici
1057 4274 1146 4341 modo
1172 4293 1221 4341 res
1247 4279 1378 4362 cogitari
1404 4281 1506 4362 potest
1532 4281 1799 4349 -verisimilia
1825 4283 1882 4350 illa
1904 4303 1998 4371 supra

172 4369 316 4468 exposita
338 4369 473 4436 nondum
496 4391 639 4439 curamus
665 4399 723 4452 -;
747 4379 803 4442 ant
826 4380 908 4444 enim

249 4483 281 4568 a)
339 4485 521 4554 Bacuntius
543 4493 758 4580 anteannum,
778 4491 910 4559 cccxl.
934 4496 1086 4561 nescimus
1109 4515 1169 4579 quo
1191 4497 1355 4565 occidentis
1377 4501 1540 4584 protectus,
1570 4501 1782 4569 Nicomediam
1804 4503 1913 4573 deinde
1935 4523 1998 4572 non

340 4593 440 4659 multo
462 4599 532 4679 post
553 4617 703 4675 reversus,
727 4601 797 4682 post
819 4618 935 4664 annum
959 4599 1120 4668 CCCXIV.
1145 4603 1270 4670 demum
1292 4624 1311 4670 a
1334 4603 1535 4673 Constantino
1558 4608 1675 4674 accitus
1698 4611 1755 4687 est,
1779 4613 1836 4676 aut

245 4705 279 4792 b)
339 4709 403 4774 iam
426 4713 498 4776 ante
512 4709 636 4777 'annum
660 4711 804 4780 (1001111.
829 4733 849 4779 a
872 4714 1073 4784 Constantino
1096 4717 1309 4785 Nicomediam
1330 4719 1469 4786 revomit

285 4821 425 4902 Quarum
448 4824 625 4907 opinionum
648 4827 675 4892 si
697 4830 767 4912 quis
789 4829 973 4896 alterutram
996 4833 1078 4900 tueri
1101 4833 1186 4913 velit,
1217 4835 1245 4900 is
1267 4836 1358 4902 certis
1381 4834 1567 4919 quibusdem
1596 4840 1789 4922 argumentis
1811 4840 1912 4931 rotelli
1935 4860 1996 4907 non
2032 4889 2036 4898 .

167 4920 312 5009 vpostet'
335 4927 470 4995 Obstant
493 4948 563 4998 1010
590 4934 715 5017 utrique
737 4937 801 5002 veri
828 4938 944 5004 similia
964 4938 1036 5017 illa,
1066 4959 1146 5024 quae
1173 4959 1266 5034 snpra
1292 4942 1486 5025 exposuimus
1509 4947 1541 5010 et
1562 4945 1658 5028 priori
1681 4945 1807 5027 quidem
1834 4965 1886 5026 ea,
1917 4965 2012 5032 quae·

168 5035 237 5100 ¹sub
260 5033 292 5100 ΙΙ
315 5053 341 5113 1,
364 5037 526 5118 pastinari
548 5057 593 5119 ea,
617 5058 697 5123 quaa
719 5043 777 5108 sub
799 5043 816 5108 Ι
838 5045 858 5110 b
881 5063 899 5109 o
920 5043 1117 5128 protulimus.
