4566 5760
485 1133 500 1194 '³
517 1155 988 1323 Quiesiionum
1032 1157 1616 1290 Laetantianarum

822 1385 1093 1469 particula
1116 1387 1309 1468 prima,

1265 1625 1507 2012 <ati

1261 1869 1347 2088 ³>

565 2095 628 2180 ooo
651 2094 789 2178 tempore
812 2093 1028 2160 institutionum
1051 2093 1213 2160 diuinorum
1236 2091 1303 2158 iibri
1325 2093 1387 2159 stoi
1410 2092 1583 2176 mosoripti.

1044 1865 1080 1940 I

264 2292 368 2360 Parva
389 2293 515 2358 tantum
538 2311 574 2356 ex
596 2292 685 2373 porte
707 2309 756 2367 ea,
785 2309 863 2374 quae
884 2290 1081 2372 praelaturus
1102 2309 1186 2366 sum,
1214 2307 1294 2354 nova
1315 2291 1390 2354 runt
1411 2308 1510 2372 neque
1532 2289 1564 2354 id
1586 2309 1669 2356 nuno
1691 2309 1750 2376 ago
1778 2293 1816 2357 ut
1842 2293 1979 2372 doceam,

158 2405 213 2468 sed
235 2401 273 2464 ut
294 2400 411 2464 oerum
432 2398 589 2483 quendem
611 2397 649 2464 de
671 2397 921 2462 institutionibus
948 2397 1143 2475 sententiam,
1172 2415 1265 2480 quam
1288 2397 1403 2478 optime
1426 2397 1550 2479 possim
1579 2398 1755 2464 confirmem
1778 2417 1874 2482 oeque
1897 2397 1981 2465 oom-

157 2506 398 2594 probatorium
425 2506 464 2572 ad
491 2505 624 2572 alterum
650 2503 861 2588 quaestionem
888 2503 1113 2570 dissolvendam
1140 2503 1219 2568 mihi
1241 2503 1391 2568 muniam.
1437 2503 1630 2588 Quapropter
1652 2525 1690 2570 ne
1713 2507 1782 2589 quis
1805 2507 1983 2572 offendatur

158 2617 225 2694 ubi,
249 2614 331 2699 quod
354 2613 409 2680 elii
430 2614 494 2680 iam
516 2612 660 2678 dixemnt
682 2629 732 2676 me
754 2609 908 2674 interdum
931 2611 1066 2692 repetere
1088 2629 1142 2674 nee
1165 2613 1269 2674 tamen
1292 2609 1367 2706 illos
1385 2612 1543 2678 nominare
1565 2611 1688 2678 viderit

266 2723 314 2786 Ae
333 2723 469 2803 primunr
490 2720 615 2804 quidam
638 2719 770 2800 tempus,
794 2735 855 2799 qno
876 2715 1059 2780 Laetmtius
1082 2715 1293 2815 institutiones
1315 2717 1446 2784 seribere
1468 2719 1601 2802 eoeperit
1623 2721 1656 2783 in
1679 2721 1786 2802 aperto
1809 2721 1864 2786 est.
1911 2719 1982 2804 Ipse
2068 2805 2072 2818 y

159 2827 242 2892 enirn
271 2843 304 2889 sa
333 2826 410 2890 dieit
437 2828 626 2892 oommotum
654 2843 718 2889 osse
744 2825 782 2888 ut
812 2823 958 2888 seriberet
987 2822 1106 2886 duobus
1135 2821 1268 2900 libellis,
1298 2824 1353 2905 qui
1380 2825 1485 2890 eodem
1512 2827 1578 2908 ipso
1607 2829 1759 2908 tempero,
1790 2845 1851 2910 quo
1878 2828 1982 2892 iustus

158 2931 294 3016 populus
315 2929 431 2994 nefarie
453 2929 648 2994 lacerabatur
671 2931 771 2992 esseut
793 2927 962 3007 evomiti.¹)
1007 2925 1045 2988 In
1068 2943 1102 2988 so
1124 2944 1213 3006 porro
1236 2927 1353 3005 libello,
1377 2931 1432 3011 qui
1451 2933 1498 2997 est
1519 2931 1557 2997 de
1577 2931 1697 3014 opificio
1717 2933 1766 2998 dei
1785 2932 1867 2998 idem
1890 2933 1981 2999 iusti-

158 3039 296 3102 tutiones
318 3053 390 3100 suas
414 3032 503 3118 quasi
525 3032 725 3114 praenuntiat
746 3031 863 3094 dicens:
877 3027 903 3113 2)
937 3029 1151 3108 stitutionem,
1181 3051 1276 3112 mum
1297 3033 1399 3099 mutto
1414 3041 1527 3115 potero
1549 3037 1653 3104 literis
1675 3039 1809 3119 nudae,
1834 3059 1914 3122 pune
1936 3041 1981 3108 ud

159 3143 244 3208 uitae
267 3141 375 3207 beotue
396 3145 515 3206 statum
538 3142 690 3219 spectat·
718 3143 748 3202 et
770 3137 895 3218 quidem
918 3140 1030 3204 eontra
1045 3133 1261 3219 philosophos,
1286 3142 1437 3222 quonium
1457 3148 1533 3209 suut
1556 3145 1600 3210 ud
1620 3147 1877 3227 perturbandum
1898 3150 1981 3214 ueri·

159 3253 255 3314 tutem
271 3247 452 3329 perniciosi
473 3251 502 3311 et
521 3263 644 3330 praees.
691 3243 898 3312 Incredibilis
917 3244 1002 3310 ¹euim
1016 3245 1066 3308 vis
1087 3243 1281 3340 eloquentiae
1302 3253 1332 3312 et
1355 3251 1601 3331 urpumentandi
1623 3251 1860 3335 disserendique
1881 3251 1980 3320 subti-

158 3355 237 3421 titus
259 3354 397 3436 menonis
411 3352 514 3438 fusile
537 3352 706 3434 deceperit:
741 3371 818 3433 quos
834 3352 961 3432 purtim
981 3352 1103 3416 uenus
1126 3353 1241 3432 annio,
1263 3355 1390 3434 purtim
1415 3375 1555 3422 verona
1579 3358 1723 3437 ipsorum
1745 3359 1831 3423 iuter
1851 3379 1885 3424 se
1908 3379 1981 3426 con·

160 3463 330 3527 misione
351 3462 488 3542 sumptis
509 3461 703 3526 revincemus
731 3465 768 3524 ut
797 3461 954 3539 appareat
980 3476 1031 3522 eos
1059 3457 1225 3524 trimisse
1247 3461 1360 3540 potius
1382 3479 1521 3526 errorem
1548 3481 1643 3542 quam
1670 3464 1845 3528 sustitisse.
1891 3464 1992 3532 Unde·

158 3566 260 3633 elucet
282 3567 346 3632 ianr
368 3569 448 3643 tum,
475 3585 546 3632 oum
570 3567 653 3632 hune
675 3565 818 3634 libellum
840 3563 1030 3646 conseripsit,
1058 3581 1127 3627 eum
1149 3565 1187 3629 de
1209 3565 1458 3628 institutionibus
1481 3583 1542 3629 uon
1564 3563 1665 3629 solum
1686 3567 1849 3651 cogitasse,
1871 3589 1988 3636 verum·

158 3673 253 3739 etiam
276 3675 376 3740 tetam
400 3691 506 3739 earum
529 3672 681 3738 rationem
703 3673 806 3737 animo
827 3671 1002 3754 perceptam
1025 3669 1178 3734 babuisse.
1224 3667 1312 3750 Quod
1335 3666 1517 3736 Lactantius
1545 3670 1582 3736 de
1610 3670 1729 3754 opificio
1753 3673 1802 3738 dei
1830 3674 1980 3743 disserens

158 3779 267 3844 abtim
294 3780 385 3846 initio
411 3797 467 3845 nos
494 3780 582 3844 deest
602 3781 640 3844 in
667 3779 800 3844 summis
826 3795 858 3842 ss
884 3773 1161 3860 annuentem)
1191 3775 1212 3839 i.
1244 3794 1270 3840 e.
1301 3775 1509 3858 perseeutione
1531 3777 1797 3846 vehementissima
1826 3783 1980 3848 saeviente

158 3885 324 3966 osupum,
347 3884 423 3949 bene
445 3885 478 3950 id
501 3861 645 3967 oong'ruit
666 3901 738 3948 oum
760 3883 810 3958 iis,
834 3899 915 3964 quae
935 3882 968 3946 in
991 3881 1240 3948 institutionibus
1263 3883 1351 3948 dixit.

266 3989 374 4073 Coepit
397 3989 496 4072 igitur
516 3989 672 4065 meditari,
696 3987 1004 4072 colligendorum
1023 3989 1117 4054 etiam
1140 3991 1274 4056 seribere
1290 3990 1414 4055 aboites
1433 4008 1548 4055 unnum
1564 3989 1680 4056 OGOV.
1726 3992 1893 4072 Quaeritur
1916 4015 1982 4079 quo

157 4096 296 4176 tempore
318 4095 502 4162 Lactantius
529 4095 622 4162 tinem
649 4095 749 4162 labori
776 4095 986 4177 imposuerit.¹
1012 4096 1063 4162 Ad
1086 4115 1180 4179 quam
1208 4097 1419 4181 quaestionem
1441 4099 1622 4182 priusquam
1649 4100 1829 4166 sumamus
1856 4119 1981 4170 neumae

157 4198 217 4264 erit
239 4200 374 4281 praesidi
397 4200 557 4283 quaedam,
582 4201 694 4282 quibus
715 4201 906 4283 illaqueatus
928 4200 1019 4266 facile
1042 4201 1081 4266 ad
1103 4203 1214 4270 falsam
1236 4205 1409 4287 opinionem
1432 4205 1585 4288 quispiam
1607 4207 1705 4288 possit
1727 4207 1862 4290 perduoi.

266 4305 448 4371 Lactantius
471 4306 552 4370 eninr
575 4307 741 4372 meandum
764 4307 904 4394 volgaria
927 4308 1111 4391 exemplaria
1138 4311 1170 4375 st
1197 4309 1230 4374 in
1258 4311 1356 4392 primo
1384 4313 1416 4376 et
1438 4311 1470 4375 iu
1498 4311 1610 4377 ultimo
1633 4312 1713 4377 libro
1738 4313 1977 4403 Constantinum

157 4409 320 4476 adlocutus
342 4411 390 4478 esi
411 4411 564 4496 idemque,
593 4413 620 4478 si
642 4411 798 4481 eodisibus
820 4410 884 4479 iilis
905 4415 982 4480 fides
1004 4411 1145 4481 habenda
1172 4418 1228 4496 est,
1258 4419 1414 4484 sectarum
1436 4421 1669 4500 enumerationi,
1692 4439 1786 4503 quam
1809 4421 1843 4507 in
1865 4425 1980 4506 quarto

263 4779 288 4865 ᾗ)
313 4781 347 4837 oi.
367 4763 392 4837 d.
412 4767 481 4848 Π,
504 4783 527 4838 l.
546 4783 572 4848 2,
595 4783 735 4854 praecipue
754 4785 779 4842 2.
799 4781 852 4847 (ed.
870 4783 913 4840 Fr.
933 4782 1076 4864 Fritzscha
1088 4784 1194 4863 Lipsiae
1214 4787 1283 4842 1844
1301 4789 1353 4844 vol.
1372 4789 1386 4844 Ι
1405 4807 1433 4863 p.
1450 4787 1562 4858 232133.
1598 4791 1687 4870 Huius
1705 4771 1833 4848 editionis
1850 4775 1979 4864 paginati
2107 4859 2112 4866 ,

156 4863 204 4924 nbi
223 4877 323 4924 ex‘nm
340 4866 495 4938 eritiuxta
512 4866 718 4944 indicabimusJ'
747 4943 750 4950 ,
823 4923 826 4931 ,

233 4950 497 5031 ‘pdeopnoff
594 4951 636 4972 ‘·
706 4965 710 4972 ·
841 4948 845 4970 ⁸

266 5045 287 5118 ⁸)
313 5063 335 5104 e.
356 5049 380 5102 1.
400 5047 440 5117 (11
458 5041 484 5119 p.
509 5049 604 5122 rasta)
622 5049 656 5108 er.
675 5067 696 5106 ο.
716 5051 750 5108 oo
770 5051 810 5118 (11
828 5071 854 5124 p.
873 5055 947 5127 roa).

1031 5207 1264 5307 <ostenti
